@article{Epi,
    author = {Baumgarten, Nina and Hecker, Dennis and Karunanithi, Sivarajan and Schmidt, Florian and List, Markus and Schulz, Marcel H},
    title = {EpiRegio: analysis and retrieval of regulatory elements linked to genes},
    journal = {Nucleic Acids Research},
    year = {2020},
}

@article{MethRole,
    author = {Lakshminarasimhan R and Liang G.},
    title = {The Role of DNA Methylation in Cancer.},
    journal = {Adv Exp Med Biol.},
    year = {2016},
}


@incollection{MethCancer,
title = {2 - DNA Methylation and Cancer},
editor = {Zdenko Herceg and Toshikazu Ushijima},
series = {Advances in Genetics},
publisher = {Academic Press},
volume = {70},
pages = {27-56},
year = {2010},
booktitle = {Epigenetics and Cancer, Part A},
issn = {0065-2660},
doi = {https://doi.org/10.1016/B978-0-12-380866-0.60002-2},
url = {https://www.sciencedirect.com/science/article/pii/B9780123808660600022},
author = {Marta Kulis and Manel Esteller}
} 

@misc{dash,
  author = {Plotly Technologies Inc.},
  title = {Dash Plotly},
  publisher = {Plotly Technologies Inc.},
  howpublished = {\url{https://plot.ly}},
  note = {(accessed: 15.09.2023)},
}

@article{graph-tool,
         title = {The graph-tool python library},
         url = {http://figshare.com/articles/graph_tool/1164194},
         doi = {10.6084/m9.figshare.1164194},
         urldate = {2014-09-10},
         journal = {figshare},
         author = {Peixoto, Tiago P.},
         year = {2014},
         keywords = {all, complex networks, graph, network, other}}
         
@article{cpgisland,
author = {Daiya Takai  and Peter A. Jones },
title = {Comprehensive analysis of CpG islands in human chromosomes 21 and 22},
journal = {Proceedings of the National Academy of Sciences},
volume = {99},
number = {6},
pages = {3740-3745},
year = {2002},
doi = {10.1073/pnas.052410099},
URL = {https://www.pnas.org/doi/abs/10.1073/pnas.052410099},
eprint = {https://www.pnas.org/doi/pdf/10.1073/pnas.052410099},
}

@article{cpgislandguide,
    author = {Illingworth RS and Bird AP.},
    title = {CpG islands--'a rough guide'.},
    journal = {FEBS Lett.},
    year = {2009},
}

@article {stitchit,
	author = {Florian Schmidt and Alexander Marx and Marie Hebel and Martin Wegner and Nina Baumgarten and Manuel Kaulich and Jonathan G{\"o}ke and Jilles Vreeken and Marcel H. Schulz},
	title = {Integrative analysis of epigenetics data identifies gene-specific regulatory elements},
	elocation-id = {585125},
	year = {2019},
	doi = {10.1101/585125},
	publisher = {Cold Spring Harbor Laboratory},
	URL = {https://www.biorxiv.org/content/early/2019/03/26/585125},
	eprint = {https://www.biorxiv.org/content/early/2019/03/26/585125.full.pdf},
	journal = {bioRxiv}
}

@article {dysregnet,
	author = {Olga Lazareva and Zakaria Louadi and Johannes Kersting and Jan Baumbach and David B. Blumenthal and Markus List},
	title = {DysRegNet: Patient-specific and confounder-aware dysregulated network inference},
	elocation-id = {2022.04.29.490015},
	year = {2022},
	doi = {10.1101/2022.04.29.490015},
	publisher = {Cold Spring Harbor Laboratory},
	URL = {https://www.biorxiv.org/content/early/2022/05/01/2022.04.29.490015},
	eprint = {https://www.biorxiv.org/content/early/2022/05/01/2022.04.29.490015.full.pdf},
	journal = {bioRxiv}
}

@misc{methylation450,
  author = {Illumina, Inc.},
  title = {Illumina Methylation450K},
  publisher = {Illumina, Inc.},
  howpublished = {\url{https://support.illumina.com/array/array_kits/infinium_humanmethylation450_beadchip_kit/downloads.html}},
  note =  {(accessed: 15.09.2023)},
}

@misc{liftover,
  author = {UCSC Genome Browser Group},
  title = {UCSC LiftOver},
  publisher = {UCSC Genome Browser Group},
  howpublished = {\url{https://genome.ucsc.edu/cgi-bin/hgLiftOver}},
  note = {(accessed: 15.09.2023)},
}

@article{mvalues,
    author = {Du, P., Zhang, X., Huang, CC. and others},
    title = {Comparison of Beta-value and M-value methods for quantifying methylation levels by microarray analysis.},
    journal = {BMC Bioinformatics 11},
    year = {2010},
}

@misc{cosmograph,
	author = {Nitika Rokotyan and Olga Stukova and Denis Ovysyannikov},
	title = {Cosmograph: GPU-accelerated Force Graph Layout and Rendering},
	year = {2022},
	version = {1.3.0},
	howpublished = {\url{https://cosmograph.app}},
  	addendum = {(accessed: 15.09.2023)},
}

@incollection{GRN1,
title = {Chapter 2 - Gene Regulatory Networks},
editor = {Eric H. Davidson and Isabelle S. Peter},
booktitle = {Genomic Control Process},
publisher = {Academic Press},
address = {Oxford},
pages = {41-77},
year = {2015},
isbn = {978-0-12-404729-7},
doi = {https://doi.org/10.1016/B978-0-12-404729-7.00002-2},
url = {https://www.sciencedirect.com/science/article/pii/B9780124047297000022},
author = {Eric H. Davidson and Isabelle S. Peter},
keywords = {Boolean gene expression, -regulatory function, -regulatory occupancy, Dynamics of regulatory cascade, GRN structure, Regulatory DNA looping, Synthesis and turnover transcript dynamics},
}

@incollection{GRN2,
title = {Gene Regulatory Network Review},
editor = {Shoba Ranganathan and Michael Gribskov and Kenta Nakai and Christian Schönbach},
booktitle = {Encyclopedia of Bioinformatics and Computational Biology},
publisher = {Academic Press},
address = {Oxford},
pages = {155-164},
year = {2019},
isbn = {978-0-12-811432-2},
doi = {https://doi.org/10.1016/B978-0-12-809633-8.20218-5},
url = {https://www.sciencedirect.com/science/article/pii/B9780128096338202185},
author = {Enze Liu and Lang Li and Lijun Cheng},
keywords = {Bayesian network, Boolean network, Co-expression network, Differential equation, Dynamic model, Gene regulatory network, Omics data integration},
}

@incollection{GRN3,
title = {Chapter Nine - The function of architecture and logic in developmental gene regulatory networks},
editor = {Isabelle S. Peter},
series = {Current Topics in Developmental Biology},
publisher = {Academic Press},
volume = {139},
pages = {267-295},
year = {2020},
booktitle = {Gene Regulatory Networks},
issn = {0070-2153},
doi = {https://doi.org/10.1016/bs.ctdb.2020.04.001},
url = {https://www.sciencedirect.com/science/article/pii/S0070215320300636},
author = {Isabelle S. Peter},
keywords = {Gene regulatory networks, Subcircuit, Feedback circuit, Feedforward circuit, Network topology, Regulatory logic},
}

@article{regelements,
    author = {Doane AS, Elemento O.},
    title = {Regulatory elements in molecular networks.},
    journal = {Wiley Interdiscip Rev Syst Biol Med},
    year = {2017},
}

@article{methylation_dnmtsAB,
    author = {Okano, M and others},
    title = {DNA methyltransferases Dnmt3a and Dnmt3b are essential for de novo methylation and mammalian development.},
    journal = {Cell},
    year = {1999},
}

@article{methylation_dnmts1,
    author = {Zhang, W., Xu, J.},
    title = {NA methyltransferases and their roles in tumorigenesis.},
    journal = {Biomark Res},
    year = {2017},
}

@article{gene_regulation,
    author = {Moore, L., Le, T. and Fan, G.},
    title = {DNA Methylation and Its Basic Function.},
    journal = {Neuropsychopharmacol },
    year = {2013},
}

@article{methylation_cpg,
    author = {Kamel Jabbari, Giorgio Bernardi},
    title = {Cytosine methylation and CpG, TpG (CpA) and TpA frequencies.},
    journal = {Gene},
    year = {2004},
}

@article{epigenetics_histone,
    author = {Portela, A., Esteller, M.},
    title = {Epigenetic modifications and human disease.},
    journal = {Nat Biotechnol},
    year = {2010},
}

@article{epigenetics_nonRNA,
    author = {Sharma S, Kelly TK, Jones PA.},
    title = {Epigenetics in cancer.},
    journal = {Carcinogenesis},
    year = {2010},
}

@article{rems_enhancers,
    author = {Shlyueva, D., Stampfel, G. and Stark, A.},
    title = {Transcriptional enhancers: from properties to genome-wide predictions.},
    journal = {Nat Rev Genet},
    year = {2014},
}

@article{rems_cis_trans,
    author = {Wang, Q., Jia, Y., Wang, Y. and others},
    title = {Evolution of cis- and trans-regulatory divergence in the chicken genome between two contrasting breeds analyzed using three tissue types at one-day-old.},
    journal = {BMC Genomics},
    year = {2019},
}

@article{roadmap,
    author = {Roadmap Epigenomics Consortium and others},
    title = {Integrative analysis of 111 reference human epigenomes.},
    journal = {Nature},
    year = {2015},
}

@article{blueprint,
    author = {Stunnenberg, Hendrik G and others},
    title = {The International Human Epigenome Consortium: A Blueprint for Scientific Collaboration and Discovery.},
    journal = {Cell},
    year = {2016},
}

@misc{dnase_nih,
	author = {National Library of Medicine},
	title = {DNASE1 deoxyribonuclease 1},
	year = {2023},
	howpublished = {\url{https://www.ncbi.nlm.nih.gov/gene/1773}},
  	note = {(accessed: 15.09.2023)},
}

@misc{NRF1,
	author = {National Library of Medicine},
	title = {NRF1 nuclear respiratory factor 1},
	year = {2023},
	howpublished = {\url{https://www.ncbi.nlm.nih.gov/gene/4899}},
  	note = {(accessed: 15.09.2023)},
}

@article{dnase_method,
    author = {John Sam and others},
    title = {Genome‐scale mapping of DNase I hypersensitivity.},
    journal = {Current protocols in molecular biology},
    year = {2013},
}

@article{dnase_cis,
    author = {Boyle AP, Davis S, Shulha HP, Meltzer P, Margulies EH, Weng Z, Furey TS, Crawford GE.},
    title = {High-resolution mapping and characterization of open chromatin across the genome.},
    journal = {Cell},
    year = {2008},
}

@article{proteinfunction,
    author = {Alberts B, Johnson A, Lewis J and others},
    title = {Molecular Biology of the Cell. 4th edition.},
    journal = {New York: Garland Science},
    year = {2002},
}

@article{TFs,
    author = {Mitsis T., Efthimiadou A., Bacopoulou F., Vlachakis D., Chrouso, G.P. and Eliopoulos E.},
    title = {Transcription factors and evolution: An integral part of gene expression (Review).},
    publisher = {World Academy of Sciences Journal},
    year = {2020},
}

@article{TF_fig,
    author = {Paula Weidemüller, Maksim Kholmatov, Evangelia Petsalaki, Judith B. Zaugg},
    title = {Transcription factors: Bridge between cell signaling and gene regulation.},
    publisher = {Proteomics },
    year = {2021},
}

@article{LOLA,
    author = {Nathan C. Sheffield, Christoph Bock},
    title = {LOLA: enrichment analysis for genomic region sets and regulatory elements in R and Bioconductor.},
    publisher = {Bioinformatics },
    year = {2016},
}

@article{tcgabiolinks,
    author = {Antonio Colaprico, Tiago C. Silva, Catharina Olsen, Luciano Garofano, Claudia Cava, Davide Garolini, Thais S. Sabedot, Tathiane M. Malta, Stefano M. Pagnotta, Isabella Castiglioni, Michele Ceccarelli, Gianluca Bontempi, Houtan Noushmehr},
    title = {TCGAbiolinks: an R/Bioconductor package for integrative analysis of TCGA data.},
    publisher = {Nucleic Acids Research},
    year = {2016},
}

@article{brca_general,
    author = {Łukasiewicz S, Czeczelewski M, Forma A, Baj J, Sitarz R, Stanisławek A.},
    title = {Breast Cancer-Epidemiology, Risk Factors, Classification, Prognostic Markers, and Current Treatment Strategies-An Updated Review.},
    publisher = {Cancers },
    year = {2021},
}

@article{brca_history,
    author = {Sharma, R.},
    title = {Breast cancer incidence, mortality and mortality-to-incidence ratio (MIR) are associated with human development, 1990–2016: evidence from Global Burden of Disease Study 2016. },
    publisher = {Breast Cancer },
    year = {2019},
}

@article{brca_normal_like,
    author = {Yersal O, Barutca S.},
    title = {Biological subtypes of breast cancer: Prognostic and therapeutic implications.},
    publisher = {World J Clin Oncol.},
    year = {2014},
}

@article{xena,
    author = {Goldman M.J., Craft B., Hastie M. and others},
    title = {Visualizing and interpreting cancer genomics data via the Xena platform.},
    publisher = {Nat Biotechnol},
    year = {2020},
}

@article{tcga,
    author = {Weinstein JN, Collisson EA, Mills GB, Shaw KR, Ozenberger BA, Ellrott K, Shmulevich I, Sander C, Stuart JM},
    title = {The Cancer Genome Atlas Pan-Cancer analysis project.},
    publisher = {Nat Genet.},
    year = {2013},
}

@article{EZH2,
    author = {Gonzalez ME, DuPrie ML, Krueger H, Merajver SD, Ventura AC, Toy KA, Kleer CG},
    title = {Histone methyltransferase EZH2 induces Akt-dependent genomic instability and BRCA1 inhibition in breast cancer.},
    publisher = {Cancer Res.},
    year = {2011},
}

@article{PRC2,
    author = {Wang L, Zeng X, Chen S, Ding L, Zhong J, Zhao JC, Wang L, Sarver A, Koller A, Zhi J, Ma Y, Yu J, Chen J, Huang H.},
    title = {BRCA1 is a negative modulator of the PRC2 complex.},
    publisher = {EMBO J.},
    year = {2013},
}

@article{CtBP2_general,
    author = {Di LJ, Fernandez AG, De Siervi A, Longo DL, Gardner K.},
    title = {Transcriptional regulation of BRCA1 expression by a metabolic switch.},
    publisher = {Nat Struct Mol Biol.},
    year = {2010},
}

@article{CtBP2,
    author = {Yang X, Sun Y, Li H, Shao Y, Zhao D, Yu W, Fu J.},
    title = {C-terminal binding protein-2 promotes cell proliferation and migration in breast cancer via suppression of p16INK4A.},
    publisher = {Oncotarget.},
    year = {2017},
}

@article{epigenetics2,
    author = {Gibney E., Nolan C.},
    title = {Epigenetics and gene expression.},
    publisher = {Heredity},
    year = {2010},
}